@article{牛玖荣2007自然辩证法在包装设计中的体现,
  title={自然辩证法在包装设计中的体现},
  author={牛玖荣},
  journal={包裝工程},
  volume={28},
  number={2},
  pages={174--175},
  year={2007},
  publisher={包裝工程編程部}
}

@article{翁翼飞2003可持续发展与自然辩证法,
  title={可持续发展与自然辩证法},
  author={翁翼飞 and 张麟},
  journal={焦作工学院学报 (社会科学版)},
  volume={1},
  pages={46--49},
  year={2003}
}

@article{叶山岭2014自然辩证法概论,
  title={“自然辩证法概论” 课在高校环境教育中的作用},
  author={叶山岭},
  journal={思想教育研究},
  volume={2},
  year={2014}
}

@article{RN11,
   author = {房蕾 and 马云林},
   title = {环境保护与可持续发展——自然辩证法在现代生态建筑设计中的应用},
   journal = {美与时代(城市版)},
   number = {07},
   pages = {12-13},
   ISSN = {1003-2592},
   year = {2020},
   type = {Journal Article}
}

@article{RN12,
   author = {陈晓霞},
   title = {现代企业管理实践的自然辩证法思考},
   journal = {中国科技信息},
   number = {22},
   pages = {170+174},
   ISSN = {1001-8972},
   year = {2007},
   type = {Journal Article}
}

@article{RN13,
   author = {邓国天},
   title = {自然辩证法课程在高等教育中的地位和作用},
   journal = {福建师范大学学报 (哲学社会科学版)},
   volume = {4},
   year = {1986},
   type = {Journal Article}
}

@article{RN14,
   author = {张培林 and 王学彦 and 张雅春 and 王崇宪},
   title = {自然辩证法概论},
   journal = {第三产业版. 北京: 科学出版社},
   pages = {36-40},
   year = {2000},
   type = {Journal Article}
}





